<record><leader>00000cas a2200000 a 4500</leader><controlfield tag="001">36369420</controlfield><controlfield tag="008">970211d19271929oruwr ne      0    0eng c</controlfield><datafield ind1=" " ind2=" " tag="010"><subfield code="a">sn 96088306 </subfield></datafield><datafield ind1=" " ind2=" " tag="040"><subfield code="a">OCN</subfield><subfield code="b">eng</subfield><subfield code="c">OCN</subfield><subfield code="d">OCLCQ</subfield><subfield code="d">ORU</subfield><subfield code="d">OCLCQ</subfield><subfield code="d">OCLCF</subfield><subfield code="d">OCLCO</subfield></datafield><datafield ind1=" " ind2=" " tag="042"><subfield code="a">pcc</subfield></datafield><datafield ind1=" " ind2=" " tag="043"><subfield code="a">n-us-or</subfield></datafield><datafield ind1="0" ind2=" " tag="130"><subfield code="a">Halsey enterprise (Halsey, Or. : 1927)</subfield></datafield><datafield ind1="1" ind2="0" tag="245"><subfield code="a">Halsey enterprise.</subfield></datafield><datafield ind1=" " ind2=" " tag="260"><subfield code="a">Halsey, Or. :</subfield><subfield code="b">H.F. and A.A. Lake,</subfield><subfield code="c">1927-1929.</subfield></datafield><datafield ind1=" " ind2=" " tag="300"><subfield code="a">2 v.</subfield></datafield><datafield ind1=" " ind2=" " tag="310"><subfield code="a">Weekly</subfield></datafield><datafield ind1="0" ind2=" " tag="362"><subfield code="a">Vol. 16, no. 27 (Nov. 10, 1927)-v. 17, no. 36 (Jan. 10, 1929).</subfield></datafield><datafield ind1=" " ind2=" " tag="530"><subfield code="a">Also issued on microfilm from University of Oregon.</subfield></datafield><datafield ind1=" " ind2="0" tag="651"><subfield code="a">Halsey (Or.)</subfield><subfield code="v">Newspapers.</subfield></datafield><datafield ind1=" " ind2="7" tag="655"><subfield code="a">Newspapers.</subfield><subfield code="2">fast</subfield><subfield code="0">(OCoLC)fst01423814</subfield></datafield><datafield ind1=" " ind2="7" tag="651"><subfield code="a">Oregon</subfield><subfield code="z">Halsey.</subfield><subfield code="2">fast</subfield><subfield code="0">(OCoLC)fst01221356</subfield></datafield><datafield ind1=" " ind2=" " tag="752"><subfield code="a">United States</subfield><subfield code="b">Oregon</subfield><subfield code="c">Linn</subfield><subfield code="d">Halsey.</subfield></datafield><datafield ind1="0" ind2="0" tag="780"><subfield code="t">Rural enterprise</subfield><subfield code="w">(DLC)sn 96088305</subfield><subfield code="w">(OCoLC)36369414</subfield></datafield><datafield ind1="0" ind2="0" tag="785"><subfield code="t">Greater Oregon</subfield><subfield code="w">(DLC)sn 96088308</subfield><subfield code="w">(OCoLC)36369400</subfield></datafield></record>